@article{Dykstra2012a,
title = "Acquiring forensic evidence from infrastructure-as-a-service cloud computing: Exploring and evaluating tools, trust, and techniques",
journal = "Digital Investigation ",
volume = "9, Supplement",
pages = "S90--S98",
year = "2012",
note = "Proceedings of the 12th Annual Conference on Digital Forensics Research",
issn = "1742-2876",
doi = "10.1016/j.diin.2012.05.001",
author = "Josiah Dykstra and Alan T. Sherman",
}